<?xml version="1.0" encoding="UTF-8"?>
  <record xmlns="http://www.loc.gov/MARC21/slim" type="Authority">
    <leader>00000nz  a2200000nc 4500</leader>
    <controlfield tag="001">137447973</controlfield>
    <controlfield tag="003">DE-101</controlfield>
    <controlfield tag="005">20210607073415.0</controlfield>
    <controlfield tag="008">090224n||aznnnaabn           | aaa    |c</controlfield>
    <datafield tag="024" ind1="7" ind2=" ">
      <subfield code="a">137447973</subfield>
      <subfield code="0">http://d-nb.info/gnd/137447973</subfield>
      <subfield code="2">gnd</subfield>
    </datafield>
    <datafield tag="035" ind1=" " ind2=" ">
      <subfield code="a">(DE-101)137447973</subfield>
    </datafield>
    <datafield tag="035" ind1=" " ind2=" ">
      <subfield code="a">(DE-588)137447973</subfield>
    </datafield>
    <datafield tag="035" ind1=" " ind2=" ">
      <subfield code="z">(DE-588a)137447973</subfield>
      <subfield code="9">v:zg</subfield>
    </datafield>
    <datafield tag="040" ind1=" " ind2=" ">
      <subfield code="a">DE-12</subfield>
      <subfield code="c">DE-12</subfield>
      <subfield code="9">r:DE-12</subfield>
      <subfield code="b">ger</subfield>
      <subfield code="d">0012</subfield>
      <subfield code="e">rda</subfield>
    </datafield>
    <datafield tag="042" ind1=" " ind2=" ">
      <subfield code="a">gnd1</subfield>
    </datafield>
    <datafield tag="043" ind1=" " ind2=" ">
      <subfield code="c">XA-DE</subfield>
    </datafield>
    <datafield tag="075" ind1=" " ind2=" ">
      <subfield code="b">p</subfield>
      <subfield code="2">gndgen</subfield>
    </datafield>
    <datafield tag="075" ind1=" " ind2=" ">
      <subfield code="b">piz</subfield>
      <subfield code="2">gndspec</subfield>
    </datafield>
    <datafield tag="079" ind1=" " ind2=" ">
      <subfield code="a">g</subfield>
      <subfield code="q">l</subfield>
      <subfield code="q">o</subfield>
    </datafield>
    <datafield tag="100" ind1="0" ind2=" ">
      <subfield code="a">Gertrud</subfield>
      <subfield code="c">Helfta, Äbtissin, Heilige</subfield>
      <subfield code="d">1232-1292</subfield>
    </datafield>
    <datafield tag="375" ind1=" " ind2=" ">
      <subfield code="a">2</subfield>
      <subfield code="2">iso5218</subfield>
    </datafield>
    <datafield tag="400" ind1="0" ind2=" ">
      <subfield code="a">Gertrud</subfield>
      <subfield code="c">von Hackeborn, Helfta, Äbtissin, Heilige</subfield>
      <subfield code="d">1232-1292</subfield>
    </datafield>
    <datafield tag="400" ind1="0" ind2=" ">
      <subfield code="a">Gertrud</subfield>
      <subfield code="c">von Hakeborn</subfield>
      <subfield code="d">1232-1292</subfield>
    </datafield>
    <datafield tag="400" ind1="1" ind2=" ">
      <subfield code="a">Hackeborn, Gertrud &#152;von&#156;</subfield>
      <subfield code="d">1232-1292</subfield>
    </datafield>
    <datafield tag="400" ind1="1" ind2=" ">
      <subfield code="a">Hakeborn, Gertrud &#152;von&#156;</subfield>
      <subfield code="d">1232-1292</subfield>
    </datafield>
    <datafield tag="400" ind1="0" ind2=" ">
      <subfield code="a">Gertrudis</subfield>
      <subfield code="d">1232-1292</subfield>
    </datafield>
    <datafield tag="400" ind1="0" ind2=" ">
      <subfield code="a">Gertrud</subfield>
      <subfield code="d">1232-1292</subfield>
    </datafield>
    <datafield tag="500" ind1="3" ind2=" ">
      <subfield code="0">(DE-101)1080922660</subfield>
      <subfield code="0">(DE-588)1080922660</subfield>
      <subfield code="0">https://d-nb.info/gnd/1080922660</subfield>
      <subfield code="a">Hackeborn &#152;von&#156;</subfield>
      <subfield code="c">Familie : 1100-1450</subfield>
      <subfield code="4">bezf</subfield>
      <subfield code="4">https://d-nb.info/standards/elementset/gnd#familialRelationship</subfield>
      <subfield code="w">r</subfield>
      <subfield code="i">Beziehung familiaer</subfield>
      <subfield code="e">Beziehung familiaer</subfield>
    </datafield>
    <datafield tag="500" ind1="0" ind2=" ">
      <subfield code="0">(DE-101)118732439</subfield>
      <subfield code="0">(DE-588)118732439</subfield>
      <subfield code="0">https://d-nb.info/gnd/118732439</subfield>
      <subfield code="a">Mechthild</subfield>
      <subfield code="c">von Hackeborn</subfield>
      <subfield code="d">1241-1291</subfield>
      <subfield code="4">bezf</subfield>
      <subfield code="4">https://d-nb.info/standards/elementset/gnd#familialRelationship</subfield>
      <subfield code="w">r</subfield>
      <subfield code="i">Beziehung familiaer</subfield>
      <subfield code="e">Beziehung familiaer</subfield>
      <subfield code="9">v:Schwester</subfield>
    </datafield>
    <datafield tag="510" ind1="2" ind2=" ">
      <subfield code="0">(DE-101)041909712</subfield>
      <subfield code="0">(DE-588)4190971-9</subfield>
      <subfield code="0">https://d-nb.info/gnd/4190971-9</subfield>
      <subfield code="a">Zisterzienserinnen</subfield>
      <subfield code="4">affi</subfield>
      <subfield code="4">https://d-nb.info/standards/elementset/gnd#affiliation</subfield>
      <subfield code="w">r</subfield>
      <subfield code="i">Affiliation</subfield>
      <subfield code="e">Affiliation</subfield>
    </datafield>
    <datafield tag="548" ind1=" " ind2=" ">
      <subfield code="a">1232-1292</subfield>
      <subfield code="4">datl</subfield>
      <subfield code="4">https://d-nb.info/standards/elementset/gnd#dateOfBirthAndDeath</subfield>
      <subfield code="w">r</subfield>
      <subfield code="i">Lebensdaten</subfield>
      <subfield code="9">v:Geburtsjahr abweichend 1231</subfield>
    </datafield>
    <datafield tag="550" ind1=" " ind2=" ">
      <subfield code="0">(DE-101)941033368</subfield>
      <subfield code="0">(DE-588)4338614-3</subfield>
      <subfield code="0">https://d-nb.info/gnd/4338614-3</subfield>
      <subfield code="a">Äbtissin</subfield>
      <subfield code="4">berc</subfield>
      <subfield code="4">https://d-nb.info/standards/elementset/gnd#professionOrOccupation</subfield>
      <subfield code="w">r</subfield>
      <subfield code="i">Charakteristischer Beruf</subfield>
    </datafield>
    <datafield tag="550" ind1=" " ind2=" ">
      <subfield code="0">(DE-101)042046866</subfield>
      <subfield code="0">(DE-588)4204686-5</subfield>
      <subfield code="0">https://d-nb.info/gnd/4204686-5</subfield>
      <subfield code="a">Mystikerin</subfield>
      <subfield code="4">beru</subfield>
      <subfield code="4">https://d-nb.info/standards/elementset/gnd#professionOrOccupation</subfield>
      <subfield code="w">r</subfield>
      <subfield code="i">Beruf</subfield>
    </datafield>
    <datafield tag="550" ind1=" " ind2=" ">
      <subfield code="0">(DE-101)041176065</subfield>
      <subfield code="0">(DE-588)4117606-6</subfield>
      <subfield code="0">https://d-nb.info/gnd/4117606-6</subfield>
      <subfield code="a">Heilige</subfield>
      <subfield code="4">obin</subfield>
      <subfield code="4">https://d-nb.info/standards/elementset/gnd#broaderTermInstantial</subfield>
      <subfield code="w">r</subfield>
      <subfield code="i">Oberbegriff instantiell</subfield>
    </datafield>
    <datafield tag="551" ind1=" " ind2=" ">
      <subfield code="0">(DE-101)942779134</subfield>
      <subfield code="0">(DE-588)4356464-1</subfield>
      <subfield code="0">https://d-nb.info/gnd/4356464-1</subfield>
      <subfield code="a">Halberstadt</subfield>
      <subfield code="z">Region</subfield>
      <subfield code="4">ortg</subfield>
      <subfield code="4">https://d-nb.info/standards/elementset/gnd#placeOfBirth</subfield>
      <subfield code="w">r</subfield>
      <subfield code="i">Geburtsort</subfield>
    </datafield>
    <datafield tag="551" ind1=" " ind2=" ">
      <subfield code="0">(DE-101)042643627</subfield>
      <subfield code="0">(DE-588)4264362-4</subfield>
      <subfield code="0">https://d-nb.info/gnd/4264362-4</subfield>
      <subfield code="a">Eisleben-Helfta</subfield>
      <subfield code="4">orts</subfield>
      <subfield code="4">https://d-nb.info/standards/elementset/gnd#placeOfDeath</subfield>
      <subfield code="w">r</subfield>
      <subfield code="i">Sterbeort</subfield>
    </datafield>
    <datafield tag="670" ind1=" " ind2=" ">
      <subfield code="a">Brockhaus online</subfield>
      <subfield code="b">Stand: 12.03.2021</subfield>
      <subfield code="u">https://brockhaus-1de-10082b6ve0130.emedia1.bsb-muenchen.de/ecs/enzy/article/gertrud-von-hackeborn</subfield>
    </datafield>
    <datafield tag="670" ind1=" " ind2=" ">
      <subfield code="a">NDB/ADB-online</subfield>
    </datafield>
    <datafield tag="678" ind1=" " ind2=" ">
      <subfield code="b">1251-1292 Äbtissin des Zisterzienserklosters Helfta</subfield>
    </datafield>
    <datafield tag="913" ind1=" " ind2=" ">
      <subfield code="S">pnd</subfield>
      <subfield code="i">5</subfield>
      <subfield code="a">Gertrud &lt;von Hackeborn&gt;</subfield>
      <subfield code="0">(DE-588a)137447973</subfield>
    </datafield>
  </record>
